@inproceedings{pragmaticqa2023,
  title     = {PRAGMATICQA: Pragmatic Question Answering in Conversations},
  author    = {Qi, Peng and Du, Nina and Manning, Christopher D. and Huang, Jing},
  booktitle = {Findings of the Association for Computational Linguistics: ACL 2023},
  pages     = {6175--6191},
  year      = {2023}
}